@incollection{SentimentEmotionSurvey2015,
  author      = "Mohammad, Saif M.",
  title       = "Sentiment Analysis: Detecting Valence, Emotions, and Other Affectual States from Text",
  editor      = "Herb Meiselman",
  booktitle   = "Emotion Measurement",
  publisher   = "Elsevier",
  year        = 2016,
}

@Inbook{W14-2607,
author="Mohammad, Saif
and Zhu, Xiaodan
and Martin, Joel",
chapter="Semantic Role Labeling of Emotions in Tweets",
title="Proceedings of the 5th Workshop on Computational Approaches to Subjectivity, Sentiment and Social Media Analysis",
year="2014",
publisher="Association for Computational Linguistics",
pages="32--41",
location="Baltimore, Maryland",
url="http://aclweb.org/anthology/W14-2607"
}

@InProceedings{mohammad:2012:STARSEM-SEMEVAL,
  author    = {Mohammad, Saif},
  title     = {\#Emotional Tweets},
  booktitle = {{*SEM 2012}: The First Joint Conference on Lexical and Computational Semantics -- Volume 1: Proceedings of the main conference and the shared task, and Volume 2: Proceedings of the Sixth International Workshop on Semantic Evaluation {(SemEval 2012)}},
  month     = {7-8 June},
  year      = {2012},
  address   = {Montr\'eal, Canada},
  publisher = {Association for Computational Linguistics},
  pages     = {246--255},
  url       = {http://www.aclweb.org/anthology/S12-1033}
}
@InProceedings{mohammad:2012:NAACL-HLT,
  author    = {Mohammad, Saif},
  title     = {Portable Features for Classifying Emotional Text},
  booktitle = {Proceedings of the 2012 Conference of the North American Chapter of the Association for Computational Linguistics: Human Language Technologies},
  month     = {June},
  year      = {2012},
  address   = {Montr\'{e}al, Canada},
  publisher = {Association for Computational Linguistics},
  pages     = {587--591},
  url       = {http://www.aclweb.org/anthology/N12-1071}
}
@incollection{chaffar2011using,
  title={Using a heterogeneous dataset for emotion analysis in text},
  author={Chaffar, Soumaya and Inkpen, Diana},
  booktitle={Advances in Artificial Intelligence},
  pages={62--67},
  year={2011},
  publisher={Springer}
}
@inproceedings{kim2010evaluation,
  title={Evaluation of unsupervised emotion models to textual affect recognition},
  author={Kim, Sunghwan Mac and Valitutti, Alessandro and Calvo, Rafael A},
  booktitle={Proceedings of the NAACL HLT 2010 Workshop on Computational Approaches to Analysis and Generation of Emotion in Text},
  pages={62--70},
  year={2010},
  organization={Association for Computational Linguistics}
}

@inproceedings{strapparava2007semeval,
  title={Semeval-2007 task 14: Affective text},
  author={Strapparava, Carlo and Mihalcea, Rada},
  booktitle={Proceedings of the 4th International Workshop on Semantic Evaluations},
  pages={70--74},
  year={2007},
  organization={Association for Computational Linguistics}
}

@article{hasan2014emotex,
  title={Emotex: Detecting emotions in twitter messages},
  author={Hasan, Maryam and Rundensteiner, Elke and Agu, Emmanuel},
  year={2014},
  publisher={Academy of Science and Engineering (ASE), USA,{\copyright} ASE 2014}
}

@inproceedings{strapparava2008learning,
  title={Learning to identify emotions in text},
  author={Strapparava, Carlo and Mihalcea, Rada},
  booktitle={Proceedings of the 2008 ACM symposium on Applied computing},
  pages={1556--1560},
  year={2008},
  organization={ACM}
}

@article{mohammad2015using,
  title={Using hashtags to capture fine emotion categories from tweets},
  author={Mohammad, Saif M and Kiritchenko, Svetlana},
  journal={Computational Intelligence},
  volume={31},
  number={2},
  pages={301--326},
  year={2015},
  publisher={Wiley Online Library}
}

@article{mohammad2015sentiment,
  title={Sentiment, emotion, purpose, and style in electoral tweets},
  author={Mohammad, Saif M and Zhu, Xiaodan and Kiritchenko, Svetlana and Martin, Joel},
  journal={Information Processing \& Management},
  volume={51},
  number={4},
  pages={480--499},
  year={2015},
  publisher={Elsevier}
}

@article{calvo2013emotions,
  title={Emotions in text: dimensional and categorical models},
  author={Calvo, Rafael A and Mac Kim, Sunghwan},
  journal={Computational Intelligence},
  volume={29},
  number={3},
  pages={527--543},
  year={2013},
  publisher={Wiley Online Library}
}

@inproceedings{alm2005emotions,
  title={Emotions from text: machine learning for text-based emotion prediction},
  author={Alm, Cecilia Ovesdotter and Roth, Dan and Sproat, Richard},
  booktitle={Proceedings of the conference on human language technology and empirical methods in natural language processing},
  pages={579--586},
  year={2005},
  organization={Association for Computational Linguistics}
}

@book{alm2008affect,
  title={Affect in text and speech},
  author={Alm, Ebba Cecilia Ovesdotter},
  year={2008},
  publisher={ProQuest}
}

@article{kirange2013emotion,
  title={Emotion classification of news headlines using SVM},
  author={Kirange, DK and others},
  journal={Asian Journal of Computer Science \& Information Technology},
  volume={2},
  number={5},
  year={2013}
}

@inproceedings{gievska2014hybrid,
  title={A hybrid approach for emotion detection in support of affective interaction},
  author={Gievska, Sonja and Koroveshovski, Kiril and Chavdarova, Tatjana},
  booktitle={2014 IEEE International Conference on Data Mining Workshop},
  pages={352--359},
  year={2014},
  organization={IEEE}
  
}

@article{Mohammad13,
	Author = {Mohammad, Saif M. and Turney, Peter D.},
	Booktitle = {Computational Intelligence},
	Number = {3},
	Pages = {436--465},
	Title = {Crowdsourcing a Word-Emotion Association Lexicon},
	Volume = {29},
	Year = {2013}
}

@inproceedings{strapparava2004wordnet,
  title={WordNet Affect: an Affective Extension of WordNet.},
  author={Strapparava, Carlo and Valitutti, Alessandro and others},
  booktitle={LREC},
  volume={4},
  pages={1083--1086},
  year={2004}
}
@inproceedings{danisman2008feeler,
  title={Feeler: Emotion classification of text using vector space model},
  author={Danisman, Taner and Alpkocak, Adil},
  booktitle={AISB 2008 Convention Communication, Interaction and Social Intelligence},
  volume={1},
  pages={53},
  year={2008}
}

@article{scikit-learn,
 title={Scikit-learn: Machine Learning in {P}ython},
 author={Pedregosa, F. and Varoquaux, G. and Gramfort, A. and Michel, V.
         and Thirion, B. and Grisel, O. and Blondel, M. and Prettenhofer, P.
         and Weiss, R. and Dubourg, V. and Vanderplas, J. and Passos, A. and
         Cournapeau, D. and Brucher, M. and Perrot, M. and Duchesnay, E.},
 journal={Journal of Machine Learning Research},
 volume={12},
 pages={2825--2830},
 year={2011}
}

@article{russell2003core,
  title={Core affect and the psychological construction of emotion.},
  author={Russell, James A},
  journal={Psychological review},
  volume={110},
  number={1},
  pages={145},
  year={2003},
  publisher={American Psychological Association}
}

@article{ekman1992argument,
  title={An argument for basic emotions},
  author={Ekman, Paul},
  journal={Cognition \& emotion},
  volume={6},
  number={3-4},
  pages={169--200},
  year={1992},
  publisher={Taylor \& Francis}
}

@BOOK{astroMLText,
 title={Statistics, Data Mining and Machine Learning in Astronomy},
 author={{Ivezi{\'c}}, {\v Z}. and {Connolly}, A.J.
         and {Vanderplas}, J.T. and {Gray}, A.},
 publisher={Princeton University Press},
 location={Princeton, NJ},
 year={2014}
}

@online{wired,
  author = {Wired},
  title = {Facebook Reactions, the Totally Redesigned Like Button, Is Here},
  year = 2016,
  url = {http://www.wired.com/2016/02/facebook-reactions-totally-redesigned-like-button/},
  urldate = {2016-08-01}
}

@inproceedings{pang2005seeing,
  title={Seeing stars: Exploiting class relationships for sentiment categorization with respect to rating scales},
  author={Pang, Bo and Lee, Lillian},
  booktitle={Proceedings of the 43rd annual meeting on association for computational linguistics},
  pages={115--124},
  year={2005},
  organization={Association for Computational Linguistics}
}

@article{pang2008opinion,
  title={Opinion mining and sentiment analysis},
  author={Pang, Bo and Lee, Lillian},
  journal={Foundations and trends in information retrieval},
  volume={2},
  number={1-2},
  pages={1--135},
  year={2008},
  publisher={Now Publishers Inc.}
}

@inproceedings{pang2002thumbs,
  title={Thumbs up?: sentiment classification using machine learning techniques},
  author={Pang, Bo and Lee, Lillian and Vaithyanathan, Shivakumar},
  booktitle={Proceedings of the ACL-02 conference on Empirical methods in natural language processing-Volume 10},
  pages={79--86},
  year={2002},
  organization={Association for Computational Linguistics}
}
